@misc{investopedia,
    author       = {Investopedia},
    title        = {What Is Exposure at Default (EAD)? Meaning and How To Calculate},
    year         = {2024},
    note         = {Acesso em: 20 de junho de 2024},
    url          = {https://www.investopedia.com/terms/e/exposure_at_default.asp}
}

@misc{kaggle,
    author       = {JAKESH BOHAJU},
    title        = {Loan Data},
    year         = {2024},
    note         = {Acesso em: 20 de junho de 2024},
    url          = {https://www.kaggle.com/datasets/jakeshbohaju/loan-data}
}

@misc{scikit,
    author       = {scikit-learn},
    title        = {scikit-learn},
    year         = {2024},
    note         = {Acesso em: 20 de junho de 2024},
    url          = {https://scikit-learn.org/stable/}
}

@misc{pandas,
    author       = {pandas},
    title        = {pandas},
    year         = {2024},
    note         = {Acesso em: 20 de junho de 2024},
    url          = {https://pandas.pydata.org/}
}

@misc{numpy,
    author       = {numpy},
    title        = {numpy},
    year         = {2024},
    note         = {Acesso em: 20 de junho de 2024},
    url          = {https://numpy.org/}
}

@misc{dataset,
    author       = {JAKESH BOHAJU},
    title        = {dataset},
    year         = {2024},
    note         = {Acesso em: 20 de junho de 2024},
    url          = {https://www.kaggle.com/datasets/jakeshbohaju/loan-data}
}

@misc{repositorio,
    author       = {Jo√£o Pedro Abreu de Souza},
    title        = {Trabalho de Machine Learning},
    year         = {2024},
    note         = {Acesso em: 26 de junho de 2024},
    url          = {https://github.com/petrolifero/trabalhoML}
}

@misc{decision,
    author       = {scikit},
    title        = {Understanding the decision tree structure},
    year         = {2024},
    note         = {Acesso em: 26 de junho de 2024},
    url          = {https://scikit-learn.org/stable/auto_examples/tree/plot_unveil_tree_structure.html#sphx-glr-auto-examples-tree-plot-unveil-tree-structure-py}
}

@article{powers2011evaluation,
  title={Evaluation: From Precision, Recall and F-Measure to ROC, Informedness, Markedness \& Correlation},
  author={Powers, David M W},
  journal={Journal of Machine Learning Technologies},
  volume={2},
  number={1},
  pages={37--63},
  year={2011},
  note={Archived from the original (PDF) on 2019-11-14},
  url={http://www.machinelearningtech.org/archive/2019-11-14}
}

@misc{giniImpurity,
    author       = {Himanshi Singh},
    title        = {GSplitting Decision Trees with Gini Impurity},
    year         = {2024},
    note         = {Acesso em: 26 de junho de 2024},
    url          = {https://www.analyticsvidhya.com/blog/2021/03/how-to-select-best-split-in-decision-trees-gini-impurity/}
}

